%% This BibTeX bibliography file was created using BibDesk.
%% http://bibdesk.sourceforge.net/

%% Created for Jordi Casas Roma at 2018-05-29 18:21:49 +0200 

%% Saved with string encoding Unicode (UTF-8) 

@misc{Caceres:2024,
  title  = {Reducing Computational Costs in Deep Reinforcement Learning for Real-Time Strategy Games},
  author = {Almir Cáceres Berraquero and Luis Esteve Elfau and Ismael Benito Altamirano},
  year   = {2024}
}

@misc{Gimenez:2024,
  title  = {Improving the efficiency of a Starcraft II (multi)agent training using Feudal/Hierarchical Reinforcement Learning},
  author = {Albert Giménez Morales and Luis Esteve Elfau and Esther Ibáñez Marcelo},
  year   = {2024}
}

@misc{Vinyals:2017,
  title  = {StarCraft II: A New Challenge for Reinforcement Learning},
  author = {Oriol Vinyals and Timo Ewalds and Sergey Bartunov and Petko Georgiev and Alexander Sasha Vezhnevets and Michelle Yeo and Alireza Makhzani and Heinrich Küttler and John Agapiou and Julian Schrittwieser and John Quan and Stephen Gaffney and Stig Petersen and Karen Simonyan and Tom Schaul and Hado van Hasselt and David Silver and Timothy Lillicrap and Kevin Calderone and Paul Keet and Anthony Brunasso and David Lawrence and Anders Ekermo and Jacob Repp and Rodney Tsing},
  year   = {2017},
  doi    = {10.48550/arXiv.1708.04782}
}

@misc{Nestor:2024,
  title  = {Artificial Intelligence Index Report 2024},
  author = {Nestor Maslej and Loredana Fattorini and Raymond Perrault and Vanessa Parli and Anka Reuel and Erik Brynjolfsson and John Etchemendy and Katrina Ligett and Terah Lyons and James Manyika and Juan Carlos Niebles and Yoav Shoham and Russell Wald and Jack Clark},
  year   = {2024},
  doi    = {10.48550/arXiv.2405.19522}
}

@article{Schwartz:2019,
  title  = {Green AI},
  author = {Roy Schwartz and Jesse Dodge and Noah A. Smith and Oren Etzioni},
  year   = {2019},
  doi    = {10.48550/arXiv.1907.10597}
}

@article{Amodei:2018,
  title  = {AI and compute},
  author = {Dario Amodei and Danny Hernandez},
  year   = {2018},
  url    = {https://openai.com/index/ai-and-compute/}
}

@inproceedings{Jaime:2022,
  author    = {Sevilla, Jaime and Heim, Lennart and Ho, Anson and Besiroglu, Tamay and Hobbhahn, Marius and Villalobos, Pablo},
  booktitle = {2022 International Joint Conference on Neural Networks (IJCNN)},
  title     = {Compute Trends Across Three Eras of Machine Learning},
  year      = {2022},
  pages     = {1-8},
  keywords  = {Deep learning;Training;Machine learning algorithms;Computational modeling;Neural networks;Market research;History;machine learning;artificial intelligence;deep learning;computational efficiency;AI accelerators;backpropagation;high performance computing},
  doi       = {10.1109/IJCNN55064.2022.9891914}
}

@misc{Strubell:2019,
  title  = {Energy and Policy Considerations for Deep Learning in NLP},
  author = {Emma Strubell and Ananya Ganesh and Andrew McCallum},
  year   = {2019},
  doi    = {10.48550/arXiv.1906.02243}
}

@inproceedings{Zheng:2020,
  author    = {Wen, Zheng and Precup, Doina and Ibrahimi, Morteza and Barreto, Andre and Van Roy, Benjamin and Singh, Satinder},
  booktitle = {Advances in Neural Information Processing Systems},
  editor    = {H. Larochelle and M. Ranzato and R. Hadsell and M.F. Balcan and H. Lin},
  pages     = {6708--6718},
  publisher = {Curran Associates, Inc.},
  title     = {On Efficiency in Hierarchical Reinforcement Learning},
  url       = {https://proceedings.neurips.cc/paper_files/paper/2020/file/4a5cfa9281924139db466a8a19291aff-Paper.pdf},
  volume    = {33},
  year      = {2020}
}

@article{Pateria:2021,
  author    = {Pateria, Shubham and Subagdja, Budhitama and Tan, Ah-hwee and Quek, Chai},
  title     = {Hierarchical Reinforcement Learning: A Comprehensive Survey},
  year      = {2021},
  publisher = {Association for Computing Machinery},
  volume    = {54},
  number    = {5},
  doi       = {10.1145/3453160},
  journal   = {ACM Comput. Surv.}
}

@misc{Vezhnevets:2017,
  title  = {FeUdal Networks for Hierarchical Reinforcement Learning},
  author = {Alexander Sasha Vezhnevets and Simon Osindero and Tom Schaul and Nicolas Heess and Max Jaderberg and David Silver and Koray Kavukcuoglu},
  year   = {2017},
  doi    = {10.48550/arXiv.1703.01161}
}

@misc{UN:Goal12,
  title  = {Goal 12: Ensure sustainable consumption and production patterns},
  author = {{United Nations}},
  url    = {https://www.un.org/sustainabledevelopment/sustainable-consumption-production/},
  note   = {Accessed: 2024-10-10}
}

@misc{UN:Goal13,
  title  = {Goal 13: Take urgent action to combat climate change and its impacts},
  author = {{United Nations}},
  url    = {https://www.un.org/sustainabledevelopment/climate-change/},
  note   = {Accessed: 2024-10-10}
}

@article{Kaelbling:1996,
  author    = {Leslie Pack Kaelbling and Michael L. Littman and Andrew W. Moore},
  title     = {Reinforcement Learning: A Survey},
  year      = {1996},
  journal = {Journal of Articial Intelligence Research},
  volume    = {5},
  doi       = {10.1613/jair.301},
}

@misc{Bowling:2023,
      title={Settling the Reward Hypothesis}, 
      author={Michael Bowling and John D. Martin and David Abel and Will Dabney},
      year={2023},
      doi={10.48550/arXiv.2212.10420}, 
}

@book{Sutton:2014,
  author = {Richard S. Sutton and Andrew G. Barto},
  title = {Reinforcement Learning:
An Introduction},
publisher = {MIT Press},
  year = {2014}
}